@article{topalian2015immune,
  author  = {Topalian, S. L. and Drake, C. G. and Pardoll, D. M.},
  journal = {Cancer Cell},
  volume  = {27},
  number  = {4},
  pages   = {450-461},
  title   = {Immune Checkpoint Blockade: A Common Denominator Approach to Cancer Therapy},
  year    = {2015},
  doi     = {10.1016/j.ccell.2015.03.001}
}

@article{haslam2020estimation,
  author  = {Haslam, A. and Gill, J. and Prasad, V.},
  title   = {Estimation of the Percentage of US Patients With Cancer Who Are Eligible for Immune Checkpoint Inhibitor Drugs},
  journal = {JAMA Network Open},
  volume  = {3},
  pages   = {e200423},
  year    = {2020},
  doi     = {10.1001/jamanetworkopen.2020.0423}
}

@article{galon2019approaches,
  author  = {Galon, J. and Bruni, D.},
  title   = {Approaches to Treat Immune Hot, Altered and Cold Tumours with Combination Immunotherapies},
  journal = {Nature Reviews Drug Discovery},
  volume  = {18},
  pages   = {197--218},
  year    = {2019},
  doi     = {10.1038/s41573-018-0007-y}
}

@article{ribas2016pdl1,
  author  = {Ribas, Antoni and Hu-Lieskovan, Sara},
  title   = {What Does PD-L1 Positive or Negative Mean?},
  journal = {The Journal of Experimental Medicine},
  volume  = {213},
  number  = {13},
  pages   = {2835--2840},
  year    = {2016},
  doi     = {10.1084/jem.20161462}
}

@article{sugiura2019restriction,
  author  = {Sugiura, Daisuke and Maruhashi, Toshihiro and Okazaki, Izumi M. and Shimizu, Ko and Maeda, Takashi K. and Takemoto, Toshiyuki and Okazaki, Taku},
  title   = {Restriction of PD-1 Function by Cis-PD-L1/CD80 Interactions Is Required for Optimal T Cell Responses},
  journal = {Science},
  volume  = {364},
  number  = {6440},
  pages   = {558--566},
  year    = {2019},
  doi     = {10.1126/science.aav7062}
}

@article{xu2017rpam,
  author  = {Xu, Xuejun and Wang, Yixuan and Xiang, Jun and Liu, Jonathan T. C. and Tichauer, Kenneth M.},
  title   = {Rinsing paired-agent model (RPAM) to quantify cell-surface receptor concentrations in topical staining applications of thick tissues},
  journal = {Physics in Medicine and Biology},
  volume  = {62},
  number  = {12},
  pages   = {5098--5113},
  year    = {2017},
  doi     = {10.1088/1361-6560/aa6cf1},
  url     = {https://doi.org/10.1088/1361-6560/aa6cf1}
}


@article{mitsuiki2019ctla,
  author  = {Mitsuiki, Nao and Schwab, Christoph and Grimbacher, Bodo},
  title   = {What did we learn from CTLA-4 insufficiency on the human immune system?},
  journal = {Immunological Reviews},
  volume  = {287},
  number  = {1},
  pages   = {33--49},
  year    = {2019},
  doi     = {10.1111/imr.12721}
}

@article{zhao2019pdl1cd80,
  author  = {Zhao, Yifan and Lee, Chi K. and Lin, Cheng and Gassen, Rainer B. and Xu, Xuejun and Huang, Zhen and Xiao, Chuan and Bonorino, Claudio and Lu, Liang and Bui, Joseph D. and Hui, Edward},
  title   = {PD-L1:CD80 Cis-Heterodimer Triggers the Co-stimulatory Receptor CD28 While Repressing the Inhibitory PD-1 and CTLA-4 Pathways},
  journal = {Immunity},
  volume  = {51},
  number  = {6},
  pages   = {1059--1073.e9},
  year    = {2019},
  doi     = {10.1016/j.immuni.2019.11.003}
}

@article{bruni2020immunoscore,
  author  = {Bruni, Davide and Angell, Heather K. and Galon, Jérôme},
  title   = {The Immune Contexture and Immunoscore in Cancer Prognosis and Therapeutic Efficacy},
  journal = {Nature Reviews Cancer},
  volume  = {20},
  number  = {11},
  pages   = {662--680},
  year    = {2020},
  doi     = {10.1038/s41568-020-0285-7}
}

@article{freeman2000engagement,
  author = {Freeman, Gordon J. and Long, Alexander J. and Iwai, Y. and others},
  title = {Engagement of the PD-1 immunoinhibitory receptor by a novel B7 family member leads to negative regulation of lymphocyte activation},
  journal = {The Journal of Experimental Medicine},
  year = {2000},
  volume = {192},
  pages = {1027--1034},
  doi = {10.1084/jem.192.7.1027}
}

@article{dong2002tumor,
  author = {Dong, Haidong and Strome, Scott E. and Salomao, Daniel R. and Tamura, Hiroaki and Hirano, Fumito and Flies, Dana B. and Roche, Paula C. and Lu, June and Zhu, Guangyong and Tamada, Koji and others},
  title = {Tumor-associated B7-H1 promotes T-cell apoptosis: a potential mechanism of immune evasion},
  journal = {Nature Medicine},
  year = {2002},
  volume = {8},
  number = {8},
  pages = {793--800},
  doi = {10.1038/nm730}
}

@article{liu2024pdl1cis,
  author  = {Liu, Yuhuan and Xia, Lin and Lin, Yanjun and Wang, Yuhang and Zhang, Ting and Li, Yijun and Zhang, Ying and Wang, Jiajia and Chen, Ying and Xu, Jie},
  title   = {PD-L1 \textit{cis}-interaction: A new signaling mechanism in immunoregulation and immunotherapy},
  journal = {Molecular Cancer},
  volume  = {23},
  number  = {1},
  pages   = {86},
  year    = {2024},
  doi     = {10.1186/s12943-024-02023-w},
  url     = {https://molecular-cancer.biomedcentral.com/articles/10.1186/s12943-024-02023-w}
}

@article{chaudhri2018pdcd80,
  author  = {Chaudhri, Ajeet and Xiao, Yizhu and Fitzpatrick, Julie and Fourestié, Audric and Sen, Maya and Bougoüin, Aurélie and et al.},
  title   = {PD-L1 Binds to B7-1 Only In Cis on the Same Cell Surface},
  journal = {Immunity},
  volume  = {49},
  number  = {4},
  pages   = {758--771.e5},
  year    = {2018},
  doi     = {10.1016/j.immuni.2018.09.014}
}

@article{tichauer2015review,
  author  = {Tichauer, Kenneth M. and Wang, Yixuan and Pogue, Brian W. and Liu, Jonathan T. C.},
  title   = {Quantitative in vivo cell-surface receptor imaging in oncology: kinetic modeling and paired-agent principles from nuclear medicine and optical imaging},
  journal = {Physics in Medicine and Biology},
  volume  = {60},
  number  = {14},
  pages   = {R239--R269},
  year    = {2015},
  doi     = {10.1088/0031-9155/60/14/R239},
  url     = {https://doi.org/10.1088/0031-9155/60/14/R239}
}

@article{garciadiaz2017interferon,
  author  = {Garcia-Diaz, Alvaro and Shin, Dongkyu S. and Moreno, Barbara H. and Saco, Jordi and Escuin-Ordinas, Hector and Rodriguez, Gustavo A. and Zaretsky, Jesse M. and Sun, Lily and Hugo, Willy and Wang, Xiaodong and Parisi, Gerardo and Saus, Cristina P. and Torrejon, David Y. and Graeber, Thomas G. and Comin-Anduix, Begonya and Hu-Lieskovan, Siwen and Damoiseaux, Robert and Lo, Roger S. and Ribas, Antoni},
  title   = {Interferon Receptor Signaling Pathways Regulating PD-L1 and PD-L2 Expression},
  journal = {Cell Reports},
  volume  = {19},
  number  = {6},
  pages   = {1189--1201},
  year    = {2017},
  doi     = {10.1016/j.celrep.2017.04.031},
  url     = {https://doi.org/10.1016/j.celrep.2017.04.031}
}
